<?xml version="1.0" encoding="UTF-8"?>
  <record xmlns="http://www.loc.gov/MARC21/slim" type="Authority">
    <leader>00000nz  a2200000oc 4500</leader>
    <controlfield tag="001">132119234</controlfield>
    <controlfield tag="003">DE-101</controlfield>
    <controlfield tag="005">20150603095811.0</controlfield>
    <controlfield tag="008">060926n||aznnnaabn           | aaa    |c</controlfield>
    <datafield tag="024" ind1="7" ind2=" ">
      <subfield code="a">132119234</subfield>
      <subfield code="0">http://d-nb.info/gnd/132119234</subfield>
      <subfield code="2">gnd</subfield>
    </datafield>
    <datafield tag="035" ind1=" " ind2=" ">
      <subfield code="a">(DE-101)132119234</subfield>
    </datafield>
    <datafield tag="035" ind1=" " ind2=" ">
      <subfield code="a">(DE-588)132119234</subfield>
    </datafield>
    <datafield tag="035" ind1=" " ind2=" ">
      <subfield code="z">(DE-588a)132119234</subfield>
      <subfield code="9">v:zg</subfield>
    </datafield>
    <datafield tag="040" ind1=" " ind2=" ">
      <subfield code="a">DE-547</subfield>
      <subfield code="c">DE-547</subfield>
      <subfield code="9">r:DE-601</subfield>
      <subfield code="b">ger</subfield>
      <subfield code="d">0103</subfield>
      <subfield code="e">rda</subfield>
    </datafield>
    <datafield tag="042" ind1=" " ind2=" ">
      <subfield code="a">gnd2</subfield>
    </datafield>
    <datafield tag="043" ind1=" " ind2=" ">
      <subfield code="c">XA-DE</subfield>
    </datafield>
    <datafield tag="075" ind1=" " ind2=" ">
      <subfield code="b">p</subfield>
      <subfield code="2">gndgen</subfield>
    </datafield>
    <datafield tag="075" ind1=" " ind2=" ">
      <subfield code="b">piz</subfield>
      <subfield code="2">gndspec</subfield>
    </datafield>
    <datafield tag="079" ind1=" " ind2=" ">
      <subfield code="a">g</subfield>
      <subfield code="q">a</subfield>
      <subfield code="q">f</subfield>
      <subfield code="q">z</subfield>
      <subfield code="u">k</subfield>
    </datafield>
    <datafield tag="100" ind1="1" ind2=" ">
      <subfield code="a">Lagus, Tobias</subfield>
    </datafield>
    <datafield tag="375" ind1=" " ind2=" ">
      <subfield code="a">1</subfield>
      <subfield code="2">iso5218</subfield>
    </datafield>
    <datafield tag="400" ind1="1" ind2=" ">
      <subfield code="a">Lagus, Thobias</subfield>
    </datafield>
    <datafield tag="400" ind1="1" ind2=" ">
      <subfield code="a">Lage, Tobias</subfield>
    </datafield>
    <datafield tag="500" ind1="1" ind2=" ">
      <subfield code="0">(DE-101)132162253</subfield>
      <subfield code="0">(DE-588)132162253</subfield>
      <subfield code="0">https://d-nb.info/gnd/132162253</subfield>
      <subfield code="a">Lagus, Catharina Margarite</subfield>
      <subfield code="4">bezf</subfield>
      <subfield code="4">https://d-nb.info/standards/elementset/gnd#familialRelationship</subfield>
      <subfield code="w">r</subfield>
      <subfield code="i">Beziehung familiaer</subfield>
      <subfield code="e">Beziehung familiaer</subfield>
      <subfield code="9">v:Ehefrau</subfield>
    </datafield>
    <datafield tag="500" ind1="1" ind2=" ">
      <subfield code="0">(DE-101)12858081X</subfield>
      <subfield code="0">(DE-588)12858081X</subfield>
      <subfield code="0">https://d-nb.info/gnd/12858081X</subfield>
      <subfield code="a">Lagus, Tobias</subfield>
      <subfield code="4">bezf</subfield>
      <subfield code="4">https://d-nb.info/standards/elementset/gnd#familialRelationship</subfield>
      <subfield code="w">r</subfield>
      <subfield code="i">Beziehung familiaer</subfield>
      <subfield code="e">Beziehung familiaer</subfield>
      <subfield code="9">v:Vater [?]</subfield>
    </datafield>
    <datafield tag="548" ind1=" " ind2=" ">
      <subfield code="a">1621</subfield>
      <subfield code="4">datw</subfield>
      <subfield code="4">https://d-nb.info/standards/elementset/gnd#periodOfActivity</subfield>
      <subfield code="w">r</subfield>
      <subfield code="i">Wirkungsdaten</subfield>
    </datafield>
    <datafield tag="550" ind1=" " ind2=" ">
      <subfield code="0">(DE-101)040290506</subfield>
      <subfield code="0">(DE-588)4029050-5</subfield>
      <subfield code="0">https://d-nb.info/gnd/4029050-5</subfield>
      <subfield code="a">Jurist</subfield>
      <subfield code="4">berc</subfield>
      <subfield code="4">https://d-nb.info/standards/elementset/gnd#professionOrOccupation</subfield>
      <subfield code="w">r</subfield>
      <subfield code="i">Charakteristischer Beruf</subfield>
    </datafield>
    <datafield tag="551" ind1=" " ind2=" ">
      <subfield code="0">(DE-101)958549443</subfield>
      <subfield code="0">(DE-588)4581901-4</subfield>
      <subfield code="0">https://d-nb.info/gnd/4581901-4</subfield>
      <subfield code="a">Gräfenthal</subfield>
      <subfield code="g">Landkreis Saalfeld-Rudolstadt</subfield>
      <subfield code="4">ortg</subfield>
      <subfield code="4">https://d-nb.info/standards/elementset/gnd#placeOfBirth</subfield>
      <subfield code="w">r</subfield>
      <subfield code="i">Geburtsort</subfield>
    </datafield>
    <datafield tag="667" ind1=" " ind2=" ">
      <subfield code="a">VD-17</subfield>
    </datafield>
    <datafield tag="670" ind1=" " ind2=" ">
      <subfield code="a">Vorlage</subfield>
    </datafield>
    <datafield tag="672" ind1=" " ind2="0">
      <subfield code="a">Rennemann, Henning: Theses Ex Amplissima Iuramentorum Materia Desumtae. - 1621</subfield>
    </datafield>
    <datafield tag="678" ind1=" " ind2=" ">
      <subfield code="b">Dt. Jurist; Student in Erfurt</subfield>
    </datafield>
    <datafield tag="913" ind1=" " ind2=" ">
      <subfield code="S">pnd</subfield>
      <subfield code="i">a</subfield>
      <subfield code="a">Lagus, Tobias</subfield>
      <subfield code="0">(DE-588a)132119234</subfield>
    </datafield>
  </record>
